%YAML 1.1
%TAG !u! tag:unity3d.com,2011:
--- !u!29 &1
OcclusionCullingSettings:
  m_ObjectHideFlags: 0
  serializedVersion: 2
  m_OcclusionBakeSettings:
    smallestOccluder: 5
    smallestHole: 0.25
    backfaceThreshold: 100
  m_SceneGUID: 00000000000000000000000000000000
  m_OcclusionCullingData: {fileID: 0}
--- !u!104 &2
RenderSettings:
  m_ObjectHideFlags: 0
  serializedVersion: 9
  m_Fog: 0
  m_FogColor: {r: 0.5, g: 0.5, b: 0.5, a: 1}
  m_FogMode: 3
  m_FogDensity: 0.01
  m_LinearFogStart: 0
  m_LinearFogEnd: 300
  m_AmbientSkyColor: {r: 0.212, g: 0.227, b: 0.259, a: 1}
  m_AmbientEquatorColor: {r: 0.114, g: 0.125, b: 0.133, a: 1}
  m_AmbientGroundColor: {r: 0.047, g: 0.043, b: 0.035, a: 1}
  m_AmbientIntensity: 1.5
  m_AmbientMode: 0
  m_SubtractiveShadowColor: {r: 0.42, g: 0.478, b: 0.627, a: 1}
  m_SkyboxMaterial: {fileID: 10304, guid: 0000000000000000f000000000000000, type: 0}
  m_HaloStrength: 0.5
  m_FlareStrength: 1
  m_FlareFadeSpeed: 3
  m_HaloTexture: {fileID: 0}
  m_SpotCookie: {fileID: 10001, guid: 0000000000000000e000000000000000, type: 0}
  m_DefaultReflectionMode: 0
  m_DefaultReflectionResolution: 128
  m_ReflectionBounces: 1
  m_ReflectionIntensity: 1
  m_CustomReflection: {fileID: 0}
  m_Sun: {fileID: 0}
  m_IndirectSpecularColor: {r: 0.18028364, g: 0.22571364, b: 0.30692187, a: 1}
  m_UseRadianceAmbientProbe: 0
--- !u!157 &3
LightmapSettings:
  m_ObjectHideFlags: 0
  serializedVersion: 11
  m_GIWorkflowMode: 1
  m_GISettings:
    serializedVersion: 2
    m_BounceScale: 1
    m_IndirectOutputScale: 1
    m_AlbedoBoost: 1
    m_EnvironmentLightingMode: 0
    m_EnableBakedLightmaps: 1
    m_EnableRealtimeLightmaps: 0
  m_LightmapEditorSettings:
    serializedVersion: 12
    m_Resolution: 2
    m_BakeResolution: 40
    m_AtlasSize: 1024
    m_AO: 0
    m_AOMaxDistance: 1
    m_CompAOExponent: 1
    m_CompAOExponentDirect: 0
    m_ExtractAmbientOcclusion: 0
    m_Padding: 2
    m_LightmapParameters: {fileID: 0}
    m_LightmapsBakeMode: 1
    m_TextureCompression: 1
    m_FinalGather: 0
    m_FinalGatherFiltering: 1
    m_FinalGatherRayCount: 256
    m_ReflectionCompression: 2
    m_MixedBakeMode: 0
    m_BakeBackend: 1
    m_PVRSampling: 1
    m_PVRDirectSampleCount: 32
    m_PVRSampleCount: 500
    m_PVRBounces: 2
    m_PVREnvironmentSampleCount: 500
    m_PVREnvironmentReferencePointCount: 2048
    m_PVRFilteringMode: 2
    m_PVRDenoiserTypeDirect: 0
    m_PVRDenoiserTypeIndirect: 0
    m_PVRDenoiserTypeAO: 0
    m_PVRFilterTypeDirect: 0
    m_PVRFilterTypeIndirect: 0
    m_PVRFilterTypeAO: 0
    m_PVREnvironmentMIS: 0
    m_PVRCulling: 1
    m_PVRFilteringGaussRadiusDirect: 1
    m_PVRFilteringGaussRadiusIndirect: 5
    m_PVRFilteringGaussRadiusAO: 2
    m_PVRFilteringAtrousPositionSigmaDirect: 0.5
    m_PVRFilteringAtrousPositionSigmaIndirect: 2
    m_PVRFilteringAtrousPositionSigmaAO: 1
    m_ExportTrainingData: 0
    m_TrainingDataDestination: TrainingData
    m_LightProbeSampleCountMultiplier: 4
  m_LightingDataAsset: {fileID: 112000000, guid: 34ced6035b76ba849b0903ff90c5f620,
    type: 2}
  m_UseShadowmask: 0
--- !u!196 &4
NavMeshSettings:
  serializedVersion: 2
  m_ObjectHideFlags: 0
  m_BuildSettings:
    serializedVersion: 2
    agentTypeID: 0
    agentRadius: 0.5
    agentHeight: 2
    agentSlope: 45
    agentClimb: 0.4
    ledgeDropHeight: 0
    maxJumpAcrossDistance: 0
    minRegionArea: 2
    manualCellSize: 0
    cellSize: 0.16666667
    manualTileSize: 0
    tileSize: 256
    accuratePlacement: 0
    debug:
      m_Flags: 0
  m_NavMeshData: {fileID: 0}
--- !u!1001 &41879430
PrefabInstance:
  m_ObjectHideFlags: 0
  serializedVersion: 2
  m_Modification:
    m_TransformParent: {fileID: 2100444481}
    m_Modifications:
    - target: {fileID: -4216859302048453862, guid: 15f459e44397666468bab999ba2b1920,
        type: 3}
      propertyPath: m_LocalPosition.x
      value: -9.06
      objectReference: {fileID: 0}
    - target: {fileID: -4216859302048453862, guid: 15f459e44397666468bab999ba2b1920,
        type: 3}
      propertyPath: m_LocalPosition.y
      value: 10.28
      objectReference: {fileID: 0}
    - target: {fileID: -4216859302048453862, guid: 15f459e44397666468bab999ba2b1920,
        type: 3}
      propertyPath: m_LocalPosition.z
      value: 0
      objectReference: {fileID: 0}
    - target: {fileID: -4216859302048453862, guid: 15f459e44397666468bab999ba2b1920,
        type: 3}
      propertyPath: m_LocalRotation.x
      value: -0
      objectReference: {fileID: 0}
    - target: {fileID: -4216859302048453862, guid: 15f459e44397666468bab999ba2b1920,
        type: 3}
      propertyPath: m_LocalRotation.y
      value: -0
      objectReference: {fileID: 0}
    - target: {fileID: -4216859302048453862, guid: 15f459e44397666468bab999ba2b1920,
        type: 3}
      propertyPath: m_LocalRotation.z
      value: -0
      objectReference: {fileID: 0}
    - target: {fileID: -4216859302048453862, guid: 15f459e44397666468bab999ba2b1920,
        type: 3}
      propertyPath: m_LocalRotation.w
      value: 1
      objectReference: {fileID: 0}
    - target: {fileID: -4216859302048453862, guid: 15f459e44397666468bab999ba2b1920,
        type: 3}
      propertyPath: m_RootOrder
      value: 0
      objectReference: {fileID: 0}
    - target: {fileID: -4216859302048453862, guid: 15f459e44397666468bab999ba2b1920,
        type: 3}
      propertyPath: m_LocalEulerAnglesHint.x
      value: 0
      objectReference: {fileID: 0}
    - target: {fileID: -4216859302048453862, guid: 15f459e44397666468bab999ba2b1920,
        type: 3}
      propertyPath: m_LocalEulerAnglesHint.y
      value: 0
      objectReference: {fileID: 0}
    - target: {fileID: -4216859302048453862, guid: 15f459e44397666468bab999ba2b1920,
        type: 3}
      propertyPath: m_LocalEulerAnglesHint.z
      value: 0
      objectReference: {fileID: 0}
    - target: {fileID: -4216859302048453862, guid: 15f459e44397666468bab999ba2b1920,
        type: 3}
      propertyPath: m_LocalScale.x
      value: 0.5
      objectReference: {fileID: 0}
    - target: {fileID: -4216859302048453862, guid: 15f459e44397666468bab999ba2b1920,
        type: 3}
      propertyPath: m_LocalScale.y
      value: 0.6688343
      objectReference: {fileID: 0}
    - target: {fileID: -4216859302048453862, guid: 15f459e44397666468bab999ba2b1920,
        type: 3}
      propertyPath: m_LocalScale.z
      value: 0.5
      objectReference: {fileID: 0}
    - target: {fileID: -1504981713932161579, guid: 15f459e44397666468bab999ba2b1920,
        type: 3}
      propertyPath: m_Materials.Array.data[0]
      value: 
      objectReference: {fileID: 2100000, guid: 80c313be2e7dd9b4cab4b4d6ad30cc56, type: 2}
    - target: {fileID: -927199367670048503, guid: 15f459e44397666468bab999ba2b1920,
        type: 3}
      propertyPath: m_Name
      value: Left Pillar
      objectReference: {fileID: 0}
    - target: {fileID: -927199367670048503, guid: 15f459e44397666468bab999ba2b1920,
        type: 3}
      propertyPath: m_TagString
      value: Grabbable
      objectReference: {fileID: 0}
    m_RemovedComponents: []
  m_SourcePrefab: {fileID: 100100000, guid: 15f459e44397666468bab999ba2b1920, type: 3}
--- !u!1 &41879431 stripped
GameObject:
  m_CorrespondingSourceObject: {fileID: -927199367670048503, guid: 15f459e44397666468bab999ba2b1920,
    type: 3}
  m_PrefabInstance: {fileID: 41879430}
  m_PrefabAsset: {fileID: 0}
--- !u!64 &41879432
MeshCollider:
  m_ObjectHideFlags: 0
  m_CorrespondingSourceObject: {fileID: 0}
  m_PrefabInstance: {fileID: 0}
  m_PrefabAsset: {fileID: 0}
  m_GameObject: {fileID: 41879431}
  m_Material: {fileID: 0}
  m_IsTrigger: 0
  m_Enabled: 1
  serializedVersion: 3
  m_Convex: 0
  m_CookingOptions: 30
  m_Mesh: {fileID: 2622436137076886491, guid: 15f459e44397666468bab999ba2b1920, type: 3}
--- !u!4 &41879433 stripped
Transform:
  m_CorrespondingSourceObject: {fileID: -4216859302048453862, guid: 15f459e44397666468bab999ba2b1920,
    type: 3}
  m_PrefabInstance: {fileID: 41879430}
  m_PrefabAsset: {fileID: 0}
--- !u!1 &79209110
GameObject:
  m_ObjectHideFlags: 0
  m_CorrespondingSourceObject: {fileID: 0}
  m_PrefabInstance: {fileID: 0}
  m_PrefabAsset: {fileID: 0}
  serializedVersion: 6
  m_Component:
  - component: {fileID: 79209114}
  - component: {fileID: 79209111}
  - component: {fileID: 79209112}
  m_Layer: 8
  m_Name: Back World Plane
  m_TagString: Untagged
  m_Icon: {fileID: 0}
  m_NavMeshLayer: 0
  m_StaticEditorFlags: 4294967295
  m_IsActive: 1
--- !u!64 &79209111
MeshCollider:
  m_ObjectHideFlags: 0
  m_CorrespondingSourceObject: {fileID: 0}
  m_PrefabInstance: {fileID: 0}
  m_PrefabAsset: {fileID: 0}
  m_GameObject: {fileID: 79209110}
  m_Material: {fileID: 0}
  m_IsTrigger: 0
  m_Enabled: 1
  serializedVersion: 3
  m_Convex: 0
  m_CookingOptions: 30
  m_Mesh: {fileID: 10209, guid: 0000000000000000e000000000000000, type: 0}
--- !u!54 &79209112
Rigidbody:
  m_ObjectHideFlags: 0
  m_CorrespondingSourceObject: {fileID: 0}
  m_PrefabInstance: {fileID: 0}
  m_PrefabAsset: {fileID: 0}
  m_GameObject: {fileID: 79209110}
  serializedVersion: 2
  m_Mass: 1
  m_Drag: 0
  m_AngularDrag: 0.05
  m_UseGravity: 0
  m_IsKinematic: 1
  m_Interpolate: 0
  m_Constraints: 0
  m_CollisionDetection: 3
--- !u!4 &79209114
Transform:
  m_ObjectHideFlags: 0
  m_CorrespondingSourceObject: {fileID: 0}
  m_PrefabInstance: {fileID: 0}
  m_PrefabAsset: {fileID: 0}
  m_GameObject: {fileID: 79209110}
  m_LocalRotation: {x: -0.7071068, y: 0, z: 0, w: 0.7071068}
  m_LocalPosition: {x: 0, y: 5, z: 0.3}
  m_LocalScale: {x: 10, y: 1, z: 10}
  m_Children: []
  m_Father: {fileID: 1203893799}
  m_RootOrder: 1
  m_LocalEulerAnglesHint: {x: -90, y: 0, z: 0}
--- !u!1 &114750863 stripped
GameObject:
  m_CorrespondingSourceObject: {fileID: -927199367670048503, guid: ea836762d100a634aac5a686531a6e79,
    type: 3}
  m_PrefabInstance: {fileID: 1070352604}
  m_PrefabAsset: {fileID: 0}
--- !u!4 &114750864 stripped
Transform:
  m_CorrespondingSourceObject: {fileID: -4216859302048453862, guid: ea836762d100a634aac5a686531a6e79,
    type: 3}
  m_PrefabInstance: {fileID: 1070352604}
  m_PrefabAsset: {fileID: 0}
--- !u!64 &114750865
MeshCollider:
  m_ObjectHideFlags: 0
  m_CorrespondingSourceObject: {fileID: 0}
  m_PrefabInstance: {fileID: 0}
  m_PrefabAsset: {fileID: 0}
  m_GameObject: {fileID: 114750863}
  m_Material: {fileID: 0}
  m_IsTrigger: 0
  m_Enabled: 1
  serializedVersion: 3
  m_Convex: 0
  m_CookingOptions: 30
  m_Mesh: {fileID: -8169868791692990173, guid: ea836762d100a634aac5a686531a6e79, type: 3}
--- !u!1 &128499792
GameObject:
  m_ObjectHideFlags: 0
  m_CorrespondingSourceObject: {fileID: 0}
  m_PrefabInstance: {fileID: 0}
  m_PrefabAsset: {fileID: 0}
  serializedVersion: 6
  m_Component:
  - component: {fileID: 128499793}
  m_Layer: 0
  m_Name: Management
  m_TagString: Untagged
  m_Icon: {fileID: 0}
  m_NavMeshLayer: 0
  m_StaticEditorFlags: 0
  m_IsActive: 1
--- !u!4 &128499793
Transform:
  m_ObjectHideFlags: 0
  m_CorrespondingSourceObject: {fileID: 0}
  m_PrefabInstance: {fileID: 0}
  m_PrefabAsset: {fileID: 0}
  m_GameObject: {fileID: 128499792}
  m_LocalRotation: {x: 0, y: 0, z: 0, w: 1}
  m_LocalPosition: {x: 0, y: 0, z: 0}
  m_LocalScale: {x: 1, y: 1, z: 1}
  m_Children:
  - {fileID: 540512423}
  - {fileID: 599014035}
  - {fileID: 7625564658537318222}
  m_Father: {fileID: 0}
  m_RootOrder: 4
  m_LocalEulerAnglesHint: {x: 0, y: 0, z: 0}
--- !u!1 &142133395 stripped
GameObject:
  m_CorrespondingSourceObject: {fileID: -927199367670048503, guid: ea836762d100a634aac5a686531a6e79,
    type: 3}
  m_PrefabInstance: {fileID: 713908769}
  m_PrefabAsset: {fileID: 0}
--- !u!4 &142133396 stripped
Transform:
  m_CorrespondingSourceObject: {fileID: -4216859302048453862, guid: ea836762d100a634aac5a686531a6e79,
    type: 3}
  m_PrefabInstance: {fileID: 713908769}
  m_PrefabAsset: {fileID: 0}
--- !u!64 &142133397
MeshCollider:
  m_ObjectHideFlags: 0
  m_CorrespondingSourceObject: {fileID: 0}
  m_PrefabInstance: {fileID: 0}
  m_PrefabAsset: {fileID: 0}
  m_GameObject: {fileID: 142133395}
  m_Material: {fileID: 0}
  m_IsTrigger: 0
  m_Enabled: 1
  serializedVersion: 3
  m_Convex: 0
  m_CookingOptions: 30
  m_Mesh: {fileID: -8169868791692990173, guid: ea836762d100a634aac5a686531a6e79, type: 3}
--- !u!1001 &323010556
PrefabInstance:
  m_ObjectHideFlags: 0
  serializedVersion: 2
  m_Modification:
    m_TransformParent: {fileID: 2117957999}
    m_Modifications:
    - target: {fileID: -4216859302048453862, guid: ea836762d100a634aac5a686531a6e79,
        type: 3}
      propertyPath: m_LocalPosition.x
      value: -6.4299994
      objectReference: {fileID: 0}
    - target: {fileID: -4216859302048453862, guid: ea836762d100a634aac5a686531a6e79,
        type: 3}
      propertyPath: m_LocalPosition.y
      value: 6.2190003
      objectReference: {fileID: 0}
    - target: {fileID: -4216859302048453862, guid: ea836762d100a634aac5a686531a6e79,
        type: 3}
      propertyPath: m_LocalPosition.z
      value: 0
      objectReference: {fileID: 0}
    - target: {fileID: -4216859302048453862, guid: ea836762d100a634aac5a686531a6e79,
        type: 3}
      propertyPath: m_LocalRotation.x
      value: 0
      objectReference: {fileID: 0}
    - target: {fileID: -4216859302048453862, guid: ea836762d100a634aac5a686531a6e79,
        type: 3}
      propertyPath: m_LocalRotation.y
      value: 0
      objectReference: {fileID: 0}
    - target: {fileID: -4216859302048453862, guid: ea836762d100a634aac5a686531a6e79,
        type: 3}
      propertyPath: m_LocalRotation.z
      value: 0
      objectReference: {fileID: 0}
    - target: {fileID: -4216859302048453862, guid: ea836762d100a634aac5a686531a6e79,
        type: 3}
      propertyPath: m_LocalRotation.w
      value: 1
      objectReference: {fileID: 0}
    - target: {fileID: -4216859302048453862, guid: ea836762d100a634aac5a686531a6e79,
        type: 3}
      propertyPath: m_RootOrder
      value: 4
      objectReference: {fileID: 0}
    - target: {fileID: -4216859302048453862, guid: ea836762d100a634aac5a686531a6e79,
        type: 3}
      propertyPath: m_LocalEulerAnglesHint.x
      value: 0
      objectReference: {fileID: 0}
    - target: {fileID: -4216859302048453862, guid: ea836762d100a634aac5a686531a6e79,
        type: 3}
      propertyPath: m_LocalEulerAnglesHint.y
      value: 0
      objectReference: {fileID: 0}
    - target: {fileID: -4216859302048453862, guid: ea836762d100a634aac5a686531a6e79,
        type: 3}
      propertyPath: m_LocalEulerAnglesHint.z
      value: 0
      objectReference: {fileID: 0}
    - target: {fileID: -4216859302048453862, guid: ea836762d100a634aac5a686531a6e79,
        type: 3}
      propertyPath: m_LocalScale.x
      value: 1.5651
      objectReference: {fileID: 0}
    - target: {fileID: -1504981713932161579, guid: ea836762d100a634aac5a686531a6e79,
        type: 3}
      propertyPath: m_Materials.Array.data[0]
      value: 
      objectReference: {fileID: 2100000, guid: ad8711fc732122240b4b74269ab1fdcf, type: 2}
    - target: {fileID: -927199367670048503, guid: ea836762d100a634aac5a686531a6e79,
        type: 3}
      propertyPath: m_Name
      value: Platform_2 (2)
      objectReference: {fileID: 0}
    - target: {fileID: -927199367670048503, guid: ea836762d100a634aac5a686531a6e79,
        type: 3}
      propertyPath: m_TagString
      value: Grabbable
      objectReference: {fileID: 0}
    - target: {fileID: -927199367670048503, guid: ea836762d100a634aac5a686531a6e79,
        type: 3}
      propertyPath: m_IsActive
      value: 1
      objectReference: {fileID: 0}
    m_RemovedComponents: []
  m_SourcePrefab: {fileID: 100100000, guid: ea836762d100a634aac5a686531a6e79, type: 3}
--- !u!1001 &457790174
PrefabInstance:
  m_ObjectHideFlags: 0
  serializedVersion: 2
  m_Modification:
    m_TransformParent: {fileID: 128499793}
    m_Modifications:
    - target: {fileID: 2393313967835827358, guid: ae2639ffc8a5563488c18b3b4341a128,
        type: 3}
      propertyPath: spawnCenter.y
      value: 8
      objectReference: {fileID: 0}
    - target: {fileID: 2393313967835827358, guid: ae2639ffc8a5563488c18b3b4341a128,
        type: 3}
      propertyPath: spawnRangeX
      value: 15
      objectReference: {fileID: 0}
    - target: {fileID: 4937823061340016931, guid: ae2639ffc8a5563488c18b3b4341a128,
        type: 3}
      propertyPath: m_Name
      value: Player Input Manager
      objectReference: {fileID: 0}
    - target: {fileID: 4937823061340016931, guid: ae2639ffc8a5563488c18b3b4341a128,
        type: 3}
      propertyPath: m_IsActive
      value: 1
      objectReference: {fileID: 0}
    - target: {fileID: 7650788644242741460, guid: ae2639ffc8a5563488c18b3b4341a128,
        type: 3}
      propertyPath: m_RootOrder
      value: 1
      objectReference: {fileID: 0}
    - target: {fileID: 7650788644242741460, guid: ae2639ffc8a5563488c18b3b4341a128,
        type: 3}
      propertyPath: m_LocalEulerAnglesHint.x
      value: 0
      objectReference: {fileID: 0}
    - target: {fileID: 7650788644242741460, guid: ae2639ffc8a5563488c18b3b4341a128,
        type: 3}
      propertyPath: m_LocalEulerAnglesHint.y
      value: 0
      objectReference: {fileID: 0}
    - target: {fileID: 7650788644242741460, guid: ae2639ffc8a5563488c18b3b4341a128,
        type: 3}
      propertyPath: m_LocalEulerAnglesHint.z
      value: 0
      objectReference: {fileID: 0}
    - target: {fileID: 7650788644242741460, guid: ae2639ffc8a5563488c18b3b4341a128,
        type: 3}
      propertyPath: m_LocalRotation.x
      value: 0
      objectReference: {fileID: 0}
    - target: {fileID: 7650788644242741460, guid: ae2639ffc8a5563488c18b3b4341a128,
        type: 3}
      propertyPath: m_LocalRotation.y
      value: 0
      objectReference: {fileID: 0}
    - target: {fileID: 7650788644242741460, guid: ae2639ffc8a5563488c18b3b4341a128,
        type: 3}
      propertyPath: m_LocalRotation.z
      value: 0
      objectReference: {fileID: 0}
    - target: {fileID: 7650788644242741460, guid: ae2639ffc8a5563488c18b3b4341a128,
        type: 3}
      propertyPath: m_LocalPosition.x
      value: 0
      objectReference: {fileID: 0}
    - target: {fileID: 7650788644242741460, guid: ae2639ffc8a5563488c18b3b4341a128,
        type: 3}
      propertyPath: m_LocalPosition.y
      value: 0
      objectReference: {fileID: 0}
    - target: {fileID: 7650788644242741460, guid: ae2639ffc8a5563488c18b3b4341a128,
        type: 3}
      propertyPath: m_LocalPosition.z
      value: 0
      objectReference: {fileID: 0}
    m_RemovedComponents:
    - {fileID: 5698347590304492500, guid: ae2639ffc8a5563488c18b3b4341a128, type: 3}
  m_SourcePrefab: {fileID: 100100000, guid: ae2639ffc8a5563488c18b3b4341a128, type: 3}
--- !u!1001 &461297708
PrefabInstance:
  m_ObjectHideFlags: 0
  serializedVersion: 2
  m_Modification:
    m_TransformParent: {fileID: 2117957999}
    m_Modifications:
    - target: {fileID: -4216859302048453862, guid: 47209ad2a185a23458f97938ad6c75c1,
        type: 3}
      propertyPath: m_LocalPosition.x
      value: 0.02
      objectReference: {fileID: 0}
    - target: {fileID: -4216859302048453862, guid: 47209ad2a185a23458f97938ad6c75c1,
        type: 3}
      propertyPath: m_LocalPosition.y
      value: 0
      objectReference: {fileID: 0}
    - target: {fileID: -4216859302048453862, guid: 47209ad2a185a23458f97938ad6c75c1,
        type: 3}
      propertyPath: m_LocalPosition.z
      value: -0.44
      objectReference: {fileID: 0}
    - target: {fileID: -4216859302048453862, guid: 47209ad2a185a23458f97938ad6c75c1,
        type: 3}
      propertyPath: m_LocalRotation.x
      value: -0
      objectReference: {fileID: 0}
    - target: {fileID: -4216859302048453862, guid: 47209ad2a185a23458f97938ad6c75c1,
        type: 3}
      propertyPath: m_LocalRotation.y
      value: 1
      objectReference: {fileID: 0}
    - target: {fileID: -4216859302048453862, guid: 47209ad2a185a23458f97938ad6c75c1,
        type: 3}
      propertyPath: m_LocalRotation.z
      value: -0
      objectReference: {fileID: 0}
    - target: {fileID: -4216859302048453862, guid: 47209ad2a185a23458f97938ad6c75c1,
        type: 3}
      propertyPath: m_LocalRotation.w
      value: 0
      objectReference: {fileID: 0}
    - target: {fileID: -4216859302048453862, guid: 47209ad2a185a23458f97938ad6c75c1,
        type: 3}
      propertyPath: m_RootOrder
      value: 0
      objectReference: {fileID: 0}
    - target: {fileID: -4216859302048453862, guid: 47209ad2a185a23458f97938ad6c75c1,
        type: 3}
      propertyPath: m_LocalEulerAnglesHint.x
      value: 0
      objectReference: {fileID: 0}
    - target: {fileID: -4216859302048453862, guid: 47209ad2a185a23458f97938ad6c75c1,
        type: 3}
      propertyPath: m_LocalEulerAnglesHint.y
      value: 180
      objectReference: {fileID: 0}
    - target: {fileID: -4216859302048453862, guid: 47209ad2a185a23458f97938ad6c75c1,
        type: 3}
      propertyPath: m_LocalEulerAnglesHint.z
      value: 0
      objectReference: {fileID: 0}
    - target: {fileID: -4216859302048453862, guid: 47209ad2a185a23458f97938ad6c75c1,
        type: 3}
      propertyPath: m_LocalScale.x
      value: 0.43425953
      objectReference: {fileID: 0}
    - target: {fileID: -1504981713932161579, guid: 47209ad2a185a23458f97938ad6c75c1,
        type: 3}
      propertyPath: m_Materials.Array.data[0]
      value: 
      objectReference: {fileID: 2100000, guid: 89520adf3cafcbe4b8d3f3e4fb0a67be, type: 2}
    - target: {fileID: -927199367670048503, guid: 47209ad2a185a23458f97938ad6c75c1,
        type: 3}
      propertyPath: m_Name
      value: Foreground_stairs
      objectReference: {fileID: 0}
    - target: {fileID: -927199367670048503, guid: 47209ad2a185a23458f97938ad6c75c1,
        type: 3}
      propertyPath: m_IsActive
      value: 1
      objectReference: {fileID: 0}
    - target: {fileID: -927199367670048503, guid: 47209ad2a185a23458f97938ad6c75c1,
        type: 3}
      propertyPath: m_StaticEditorFlags
      value: 0
      objectReference: {fileID: 0}
    - target: {fileID: -927199367670048503, guid: 47209ad2a185a23458f97938ad6c75c1,
        type: 3}
      propertyPath: m_TagString
      value: Grabbable
      objectReference: {fileID: 0}
    m_RemovedComponents: []
  m_SourcePrefab: {fileID: 100100000, guid: 47209ad2a185a23458f97938ad6c75c1, type: 3}
--- !u!4 &540512423 stripped
Transform:
  m_CorrespondingSourceObject: {fileID: 934418016699511596, guid: a56584affd2be414b8bb8ccca967222f,
    type: 3}
  m_PrefabInstance: {fileID: 934418015873003860}
  m_PrefabAsset: {fileID: 0}
--- !u!4 &599014035 stripped
Transform:
  m_CorrespondingSourceObject: {fileID: 7650788644242741460, guid: ae2639ffc8a5563488c18b3b4341a128,
    type: 3}
  m_PrefabInstance: {fileID: 457790174}
  m_PrefabAsset: {fileID: 0}
--- !u!1 &664540286 stripped
GameObject:
  m_CorrespondingSourceObject: {fileID: -927199367670048503, guid: afe3a9bb17a14aa4cb280a696daee6e2,
    type: 3}
  m_PrefabInstance: {fileID: 1944300710}
  m_PrefabAsset: {fileID: 0}
--- !u!65 &664540287
BoxCollider:
  m_ObjectHideFlags: 0
  m_CorrespondingSourceObject: {fileID: 0}
  m_PrefabInstance: {fileID: 0}
  m_PrefabAsset: {fileID: 0}
  m_GameObject: {fileID: 664540286}
  m_Material: {fileID: 0}
  m_IsTrigger: 0
  m_Enabled: 1
  serializedVersion: 2
  m_Size: {x: 25.32238, y: 6.731631, z: 3.5931947}
  m_Center: {x: 0, y: 0, z: 0}
--- !u!4 &664540290 stripped
Transform:
  m_CorrespondingSourceObject: {fileID: -4216859302048453862, guid: afe3a9bb17a14aa4cb280a696daee6e2,
    type: 3}
  m_PrefabInstance: {fileID: 1944300710}
  m_PrefabAsset: {fileID: 0}
--- !u!1001 &713908769
PrefabInstance:
  m_ObjectHideFlags: 0
  serializedVersion: 2
  m_Modification:
    m_TransformParent: {fileID: 2117957999}
    m_Modifications:
    - target: {fileID: -4216859302048453862, guid: ea836762d100a634aac5a686531a6e79,
        type: 3}
      propertyPath: m_LocalPosition.x
      value: -0.06
      objectReference: {fileID: 0}
    - target: {fileID: -4216859302048453862, guid: ea836762d100a634aac5a686531a6e79,
        type: 3}
      propertyPath: m_LocalPosition.y
      value: 10.36
      objectReference: {fileID: 0}
    - target: {fileID: -4216859302048453862, guid: ea836762d100a634aac5a686531a6e79,
        type: 3}
      propertyPath: m_LocalPosition.z
      value: 0
      objectReference: {fileID: 0}
    - target: {fileID: -4216859302048453862, guid: ea836762d100a634aac5a686531a6e79,
        type: 3}
      propertyPath: m_LocalRotation.x
      value: 0
      objectReference: {fileID: 0}
    - target: {fileID: -4216859302048453862, guid: ea836762d100a634aac5a686531a6e79,
        type: 3}
      propertyPath: m_LocalRotation.y
      value: 0
      objectReference: {fileID: 0}
    - target: {fileID: -4216859302048453862, guid: ea836762d100a634aac5a686531a6e79,
        type: 3}
      propertyPath: m_LocalRotation.z
      value: 0
      objectReference: {fileID: 0}
    - target: {fileID: -4216859302048453862, guid: ea836762d100a634aac5a686531a6e79,
        type: 3}
      propertyPath: m_LocalRotation.w
      value: 1
      objectReference: {fileID: 0}
    - target: {fileID: -4216859302048453862, guid: ea836762d100a634aac5a686531a6e79,
        type: 3}
      propertyPath: m_RootOrder
      value: 5
      objectReference: {fileID: 0}
    - target: {fileID: -4216859302048453862, guid: ea836762d100a634aac5a686531a6e79,
        type: 3}
      propertyPath: m_LocalEulerAnglesHint.x
      value: 0
      objectReference: {fileID: 0}
    - target: {fileID: -4216859302048453862, guid: ea836762d100a634aac5a686531a6e79,
        type: 3}
      propertyPath: m_LocalEulerAnglesHint.y
      value: 0
      objectReference: {fileID: 0}
    - target: {fileID: -4216859302048453862, guid: ea836762d100a634aac5a686531a6e79,
        type: 3}
      propertyPath: m_LocalEulerAnglesHint.z
      value: 0
      objectReference: {fileID: 0}
    - target: {fileID: -4216859302048453862, guid: ea836762d100a634aac5a686531a6e79,
        type: 3}
      propertyPath: m_LocalScale.x
      value: 1.4275
      objectReference: {fileID: 0}
    - target: {fileID: -1504981713932161579, guid: ea836762d100a634aac5a686531a6e79,
        type: 3}
      propertyPath: m_Materials.Array.data[0]
      value: 
      objectReference: {fileID: 2100000, guid: ad8711fc732122240b4b74269ab1fdcf, type: 2}
    - target: {fileID: -927199367670048503, guid: ea836762d100a634aac5a686531a6e79,
        type: 3}
      propertyPath: m_Name
      value: Platform_2 (5)
      objectReference: {fileID: 0}
    - target: {fileID: -927199367670048503, guid: ea836762d100a634aac5a686531a6e79,
        type: 3}
      propertyPath: m_TagString
      value: Grabbable
      objectReference: {fileID: 0}
    - target: {fileID: -927199367670048503, guid: ea836762d100a634aac5a686531a6e79,
        type: 3}
      propertyPath: m_IsActive
      value: 1
      objectReference: {fileID: 0}
    m_RemovedComponents: []
  m_SourcePrefab: {fileID: 100100000, guid: ea836762d100a634aac5a686531a6e79, type: 3}
--- !u!1 &738285767 stripped
GameObject:
  m_CorrespondingSourceObject: {fileID: -927199367670048503, guid: ea836762d100a634aac5a686531a6e79,
    type: 3}
  m_PrefabInstance: {fileID: 323010556}
  m_PrefabAsset: {fileID: 0}
--- !u!4 &738285768 stripped
Transform:
  m_CorrespondingSourceObject: {fileID: -4216859302048453862, guid: ea836762d100a634aac5a686531a6e79,
    type: 3}
  m_PrefabInstance: {fileID: 323010556}
  m_PrefabAsset: {fileID: 0}
--- !u!64 &738285769
MeshCollider:
  m_ObjectHideFlags: 0
  m_CorrespondingSourceObject: {fileID: 0}
  m_PrefabInstance: {fileID: 0}
  m_PrefabAsset: {fileID: 0}
  m_GameObject: {fileID: 738285767}
  m_Material: {fileID: 0}
  m_IsTrigger: 0
  m_Enabled: 1
  serializedVersion: 3
  m_Convex: 0
  m_CookingOptions: 30
  m_Mesh: {fileID: -8169868791692990173, guid: ea836762d100a634aac5a686531a6e79, type: 3}
--- !u!1 &856461350
GameObject:
  m_ObjectHideFlags: 0
  m_CorrespondingSourceObject: {fileID: 0}
  m_PrefabInstance: {fileID: 0}
  m_PrefabAsset: {fileID: 0}
  serializedVersion: 6
  m_Component:
  - component: {fileID: 856461353}
  - component: {fileID: 856461352}
  - component: {fileID: 856461351}
  - component: {fileID: 856461355}
  - component: {fileID: 856461354}
  m_Layer: 0
  m_Name: DeathZone_Top
  m_TagString: Untagged
  m_Icon: {fileID: 0}
  m_NavMeshLayer: 0
  m_StaticEditorFlags: 0
  m_IsActive: 1
--- !u!114 &856461351
MonoBehaviour:
  m_ObjectHideFlags: 0
  m_CorrespondingSourceObject: {fileID: 0}
  m_PrefabInstance: {fileID: 0}
  m_PrefabAsset: {fileID: 0}
  m_GameObject: {fileID: 856461350}
  m_Enabled: 1
  m_EditorHideFlags: 0
  m_Script: {fileID: 11500000, guid: cdb4b06a2833e5d4dbcb174b855b52d8, type: 3}
  m_Name: 
  m_EditorClassIdentifier: 
  OnExplode:
    _PersistentCalls: []
--- !u!65 &856461352
BoxCollider:
  m_ObjectHideFlags: 0
  m_CorrespondingSourceObject: {fileID: 0}
  m_PrefabInstance: {fileID: 0}
  m_PrefabAsset: {fileID: 0}
  m_GameObject: {fileID: 856461350}
  m_Material: {fileID: 0}
  m_IsTrigger: 0
  m_Enabled: 1
  serializedVersion: 2
  m_Size: {x: 1, y: 1, z: 1}
  m_Center: {x: 0, y: 0, z: 0}
--- !u!4 &856461353
Transform:
  m_ObjectHideFlags: 0
  m_CorrespondingSourceObject: {fileID: 0}
  m_PrefabInstance: {fileID: 0}
  m_PrefabAsset: {fileID: 0}
  m_GameObject: {fileID: 856461350}
  m_LocalRotation: {x: -0, y: -0, z: 0.7071068, w: 0.7071068}
  m_LocalPosition: {x: -0, y: 19.51, z: 0}
  m_LocalScale: {x: 4, y: 92.2572, z: 6}
  m_Children: []
  m_Father: {fileID: 1830928108}
  m_RootOrder: 0
  m_LocalEulerAnglesHint: {x: 0, y: 0, z: 90}
--- !u!23 &856461354
MeshRenderer:
  m_ObjectHideFlags: 0
  m_CorrespondingSourceObject: {fileID: 0}
  m_PrefabInstance: {fileID: 0}
  m_PrefabAsset: {fileID: 0}
  m_GameObject: {fileID: 856461350}
  m_Enabled: 1
  m_CastShadows: 1
  m_ReceiveShadows: 1
  m_DynamicOccludee: 1
  m_MotionVectors: 1
  m_LightProbeUsage: 1
  m_ReflectionProbeUsage: 1
  m_RayTracingMode: 2
  m_RenderingLayerMask: 1
  m_RendererPriority: 0
  m_Materials:
  - {fileID: 2100000, guid: a4fa1ec3061685d42831893fe448dec1, type: 2}
  m_StaticBatchInfo:
    firstSubMesh: 0
    subMeshCount: 0
  m_StaticBatchRoot: {fileID: 0}
  m_ProbeAnchor: {fileID: 0}
  m_LightProbeVolumeOverride: {fileID: 0}
  m_ScaleInLightmap: 1
  m_ReceiveGI: 1
  m_PreserveUVs: 0
  m_IgnoreNormalsForChartDetection: 0
  m_ImportantGI: 0
  m_StitchLightmapSeams: 1
  m_SelectedEditorRenderState: 3
  m_MinimumChartSize: 4
  m_AutoUVMaxDistance: 0.5
  m_AutoUVMaxAngle: 89
  m_LightmapParameters: {fileID: 0}
  m_SortingLayerID: 0
  m_SortingLayer: 0
  m_SortingOrder: 0
--- !u!33 &856461355
MeshFilter:
  m_ObjectHideFlags: 0
  m_CorrespondingSourceObject: {fileID: 0}
  m_PrefabInstance: {fileID: 0}
  m_PrefabAsset: {fileID: 0}
  m_GameObject: {fileID: 856461350}
  m_Mesh: {fileID: 10202, guid: 0000000000000000e000000000000000, type: 0}
--- !u!1 &912357093
GameObject:
  m_ObjectHideFlags: 0
  m_CorrespondingSourceObject: {fileID: 0}
  m_PrefabInstance: {fileID: 0}
  m_PrefabAsset: {fileID: 0}
  serializedVersion: 6
  m_Component:
  - component: {fileID: 912357096}
  - component: {fileID: 912357095}
  - component: {fileID: 912357094}
  - component: {fileID: 912357098}
  - component: {fileID: 912357097}
  m_Layer: 0
  m_Name: DeathZone_Left
  m_TagString: Untagged
  m_Icon: {fileID: 0}
  m_NavMeshLayer: 0
  m_StaticEditorFlags: 0
  m_IsActive: 1
--- !u!114 &912357094
MonoBehaviour:
  m_ObjectHideFlags: 0
  m_CorrespondingSourceObject: {fileID: 0}
  m_PrefabInstance: {fileID: 0}
  m_PrefabAsset: {fileID: 0}
  m_GameObject: {fileID: 912357093}
  m_Enabled: 1
  m_EditorHideFlags: 0
  m_Script: {fileID: 11500000, guid: cdb4b06a2833e5d4dbcb174b855b52d8, type: 3}
  m_Name: 
  m_EditorClassIdentifier: 
  OnExplode:
    _PersistentCalls: []
--- !u!65 &912357095
BoxCollider:
  m_ObjectHideFlags: 0
  m_CorrespondingSourceObject: {fileID: 0}
  m_PrefabInstance: {fileID: 0}
  m_PrefabAsset: {fileID: 0}
  m_GameObject: {fileID: 912357093}
  m_Material: {fileID: 0}
  m_IsTrigger: 0
  m_Enabled: 1
  serializedVersion: 2
  m_Size: {x: 1, y: 1, z: 1}
  m_Center: {x: 0, y: 0, z: 0}
--- !u!4 &912357096
Transform:
  m_ObjectHideFlags: 0
  m_CorrespondingSourceObject: {fileID: 0}
  m_PrefabInstance: {fileID: 0}
  m_PrefabAsset: {fileID: 0}
  m_GameObject: {fileID: 912357093}
  m_LocalRotation: {x: -0, y: -0, z: -0, w: 1}
  m_LocalPosition: {x: -25.21, y: 10, z: 0}
  m_LocalScale: {x: 4, y: 40, z: 6}
  m_Children: []
  m_Father: {fileID: 1830928108}
  m_RootOrder: 1
  m_LocalEulerAnglesHint: {x: 0, y: 0, z: 0}
--- !u!23 &912357097
MeshRenderer:
  m_ObjectHideFlags: 0
  m_CorrespondingSourceObject: {fileID: 0}
  m_PrefabInstance: {fileID: 0}
  m_PrefabAsset: {fileID: 0}
  m_GameObject: {fileID: 912357093}
  m_Enabled: 1
  m_CastShadows: 1
  m_ReceiveShadows: 1
  m_DynamicOccludee: 1
  m_MotionVectors: 1
  m_LightProbeUsage: 1
  m_ReflectionProbeUsage: 1
  m_RayTracingMode: 2
  m_RenderingLayerMask: 1
  m_RendererPriority: 0
  m_Materials:
  - {fileID: 2100000, guid: a4fa1ec3061685d42831893fe448dec1, type: 2}
  m_StaticBatchInfo:
    firstSubMesh: 0
    subMeshCount: 0
  m_StaticBatchRoot: {fileID: 0}
  m_ProbeAnchor: {fileID: 0}
  m_LightProbeVolumeOverride: {fileID: 0}
  m_ScaleInLightmap: 1
  m_ReceiveGI: 1
  m_PreserveUVs: 0
  m_IgnoreNormalsForChartDetection: 0
  m_ImportantGI: 0
  m_StitchLightmapSeams: 1
  m_SelectedEditorRenderState: 3
  m_MinimumChartSize: 4
  m_AutoUVMaxDistance: 0.5
  m_AutoUVMaxAngle: 89
  m_LightmapParameters: {fileID: 0}
  m_SortingLayerID: 0
  m_SortingLayer: 0
  m_SortingOrder: 0
--- !u!33 &912357098
MeshFilter:
  m_ObjectHideFlags: 0
  m_CorrespondingSourceObject: {fileID: 0}
  m_PrefabInstance: {fileID: 0}
  m_PrefabAsset: {fileID: 0}
  m_GameObject: {fileID: 912357093}
  m_Mesh: {fileID: 10202, guid: 0000000000000000e000000000000000, type: 0}
--- !u!1 &912689503
GameObject:
  m_ObjectHideFlags: 0
  m_CorrespondingSourceObject: {fileID: 0}
  m_PrefabInstance: {fileID: 0}
  m_PrefabAsset: {fileID: 0}
  serializedVersion: 6
  m_Component:
  - component: {fileID: 912689506}
  - component: {fileID: 912689505}
  - component: {fileID: 912689504}
  - component: {fileID: 912689508}
  - component: {fileID: 912689507}
  m_Layer: 0
  m_Name: DeathZone_Right
  m_TagString: Untagged
  m_Icon: {fileID: 0}
  m_NavMeshLayer: 0
  m_StaticEditorFlags: 0
  m_IsActive: 1
--- !u!114 &912689504
MonoBehaviour:
  m_ObjectHideFlags: 0
  m_CorrespondingSourceObject: {fileID: 0}
  m_PrefabInstance: {fileID: 0}
  m_PrefabAsset: {fileID: 0}
  m_GameObject: {fileID: 912689503}
  m_Enabled: 1
  m_EditorHideFlags: 0
  m_Script: {fileID: 11500000, guid: cdb4b06a2833e5d4dbcb174b855b52d8, type: 3}
  m_Name: 
  m_EditorClassIdentifier: 
  OnExplode:
    _PersistentCalls: []
--- !u!65 &912689505
BoxCollider:
  m_ObjectHideFlags: 0
  m_CorrespondingSourceObject: {fileID: 0}
  m_PrefabInstance: {fileID: 0}
  m_PrefabAsset: {fileID: 0}
  m_GameObject: {fileID: 912689503}
  m_Material: {fileID: 0}
  m_IsTrigger: 0
  m_Enabled: 1
  serializedVersion: 2
  m_Size: {x: 1, y: 1, z: 1}
  m_Center: {x: 0, y: 0, z: 0}
--- !u!4 &912689506
Transform:
  m_ObjectHideFlags: 0
  m_CorrespondingSourceObject: {fileID: 0}
  m_PrefabInstance: {fileID: 0}
  m_PrefabAsset: {fileID: 0}
  m_GameObject: {fileID: 912689503}
  m_LocalRotation: {x: -0, y: -0, z: -0, w: 1}
  m_LocalPosition: {x: 25.89, y: 10, z: 0}
  m_LocalScale: {x: 4, y: 40, z: 6}
  m_Children: []
  m_Father: {fileID: 1830928108}
  m_RootOrder: 2
  m_LocalEulerAnglesHint: {x: 0, y: 0, z: 0}
--- !u!23 &912689507
MeshRenderer:
  m_ObjectHideFlags: 0
  m_CorrespondingSourceObject: {fileID: 0}
  m_PrefabInstance: {fileID: 0}
  m_PrefabAsset: {fileID: 0}
  m_GameObject: {fileID: 912689503}
  m_Enabled: 1
  m_CastShadows: 1
  m_ReceiveShadows: 1
  m_DynamicOccludee: 1
  m_MotionVectors: 1
  m_LightProbeUsage: 1
  m_ReflectionProbeUsage: 1
  m_RayTracingMode: 2
  m_RenderingLayerMask: 1
  m_RendererPriority: 0
  m_Materials:
  - {fileID: 2100000, guid: a4fa1ec3061685d42831893fe448dec1, type: 2}
  m_StaticBatchInfo:
    firstSubMesh: 0
    subMeshCount: 0
  m_StaticBatchRoot: {fileID: 0}
  m_ProbeAnchor: {fileID: 0}
  m_LightProbeVolumeOverride: {fileID: 0}
  m_ScaleInLightmap: 1
  m_ReceiveGI: 1
  m_PreserveUVs: 0
  m_IgnoreNormalsForChartDetection: 0
  m_ImportantGI: 0
  m_StitchLightmapSeams: 1
  m_SelectedEditorRenderState: 3
  m_MinimumChartSize: 4
  m_AutoUVMaxDistance: 0.5
  m_AutoUVMaxAngle: 89
  m_LightmapParameters: {fileID: 0}
  m_SortingLayerID: 0
  m_SortingLayer: 0
  m_SortingOrder: 0
--- !u!33 &912689508
MeshFilter:
  m_ObjectHideFlags: 0
  m_CorrespondingSourceObject: {fileID: 0}
  m_PrefabInstance: {fileID: 0}
  m_PrefabAsset: {fileID: 0}
  m_GameObject: {fileID: 912689503}
  m_Mesh: {fileID: 10202, guid: 0000000000000000e000000000000000, type: 0}
--- !u!1001 &934701567
PrefabInstance:
  m_ObjectHideFlags: 0
  serializedVersion: 2
  m_Modification:
    m_TransformParent: {fileID: 1245956991}
    m_Modifications:
    - target: {fileID: 2830204587426827281, guid: b76e06e5ec5f24d45ac9c15ac29592d8,
        type: 3}
      propertyPath: m_Name
      value: Right Bouncer (1)
      objectReference: {fileID: 0}
    - target: {fileID: 2830204587426827293, guid: b76e06e5ec5f24d45ac9c15ac29592d8,
        type: 3}
      propertyPath: m_LocalPosition.x
      value: 8.08
      objectReference: {fileID: 0}
    - target: {fileID: 2830204587426827293, guid: b76e06e5ec5f24d45ac9c15ac29592d8,
        type: 3}
      propertyPath: m_LocalPosition.y
      value: 2.42
      objectReference: {fileID: 0}
    - target: {fileID: 2830204587426827293, guid: b76e06e5ec5f24d45ac9c15ac29592d8,
        type: 3}
      propertyPath: m_LocalPosition.z
      value: 0
      objectReference: {fileID: 0}
    - target: {fileID: 2830204587426827293, guid: b76e06e5ec5f24d45ac9c15ac29592d8,
        type: 3}
      propertyPath: m_LocalRotation.x
      value: -0
      objectReference: {fileID: 0}
    - target: {fileID: 2830204587426827293, guid: b76e06e5ec5f24d45ac9c15ac29592d8,
        type: 3}
      propertyPath: m_LocalRotation.y
      value: -0
      objectReference: {fileID: 0}
    - target: {fileID: 2830204587426827293, guid: b76e06e5ec5f24d45ac9c15ac29592d8,
        type: 3}
      propertyPath: m_LocalRotation.z
      value: -0
      objectReference: {fileID: 0}
    - target: {fileID: 2830204587426827293, guid: b76e06e5ec5f24d45ac9c15ac29592d8,
        type: 3}
      propertyPath: m_LocalRotation.w
      value: 1
      objectReference: {fileID: 0}
    - target: {fileID: 2830204587426827293, guid: b76e06e5ec5f24d45ac9c15ac29592d8,
        type: 3}
      propertyPath: m_RootOrder
      value: 1
      objectReference: {fileID: 0}
    - target: {fileID: 2830204587426827293, guid: b76e06e5ec5f24d45ac9c15ac29592d8,
        type: 3}
      propertyPath: m_LocalEulerAnglesHint.x
      value: 0
      objectReference: {fileID: 0}
    - target: {fileID: 2830204587426827293, guid: b76e06e5ec5f24d45ac9c15ac29592d8,
        type: 3}
      propertyPath: m_LocalEulerAnglesHint.y
      value: 0
      objectReference: {fileID: 0}
    - target: {fileID: 2830204587426827293, guid: b76e06e5ec5f24d45ac9c15ac29592d8,
        type: 3}
      propertyPath: m_LocalEulerAnglesHint.z
      value: 0
      objectReference: {fileID: 0}
    m_RemovedComponents: []
  m_SourcePrefab: {fileID: 100100000, guid: b76e06e5ec5f24d45ac9c15ac29592d8, type: 3}
--- !u!1001 &1041345560
PrefabInstance:
  m_ObjectHideFlags: 0
  serializedVersion: 2
  m_Modification:
    m_TransformParent: {fileID: 1245956991}
    m_Modifications:
    - target: {fileID: 2830204587426827281, guid: b76e06e5ec5f24d45ac9c15ac29592d8,
        type: 3}
      propertyPath: m_Name
      value: Right Bouncer
      objectReference: {fileID: 0}
    - target: {fileID: 2830204587426827293, guid: b76e06e5ec5f24d45ac9c15ac29592d8,
        type: 3}
      propertyPath: m_LocalPosition.x
      value: -8.66
      objectReference: {fileID: 0}
    - target: {fileID: 2830204587426827293, guid: b76e06e5ec5f24d45ac9c15ac29592d8,
        type: 3}
      propertyPath: m_LocalPosition.y
      value: 2.42
      objectReference: {fileID: 0}
    - target: {fileID: 2830204587426827293, guid: b76e06e5ec5f24d45ac9c15ac29592d8,
        type: 3}
      propertyPath: m_LocalPosition.z
      value: 0
      objectReference: {fileID: 0}
    - target: {fileID: 2830204587426827293, guid: b76e06e5ec5f24d45ac9c15ac29592d8,
        type: 3}
      propertyPath: m_LocalRotation.x
      value: -0
      objectReference: {fileID: 0}
    - target: {fileID: 2830204587426827293, guid: b76e06e5ec5f24d45ac9c15ac29592d8,
        type: 3}
      propertyPath: m_LocalRotation.y
      value: -0
      objectReference: {fileID: 0}
    - target: {fileID: 2830204587426827293, guid: b76e06e5ec5f24d45ac9c15ac29592d8,
        type: 3}
      propertyPath: m_LocalRotation.z
      value: -0
      objectReference: {fileID: 0}
    - target: {fileID: 2830204587426827293, guid: b76e06e5ec5f24d45ac9c15ac29592d8,
        type: 3}
      propertyPath: m_LocalRotation.w
      value: 1
      objectReference: {fileID: 0}
    - target: {fileID: 2830204587426827293, guid: b76e06e5ec5f24d45ac9c15ac29592d8,
        type: 3}
      propertyPath: m_RootOrder
      value: 0
      objectReference: {fileID: 0}
    - target: {fileID: 2830204587426827293, guid: b76e06e5ec5f24d45ac9c15ac29592d8,
        type: 3}
      propertyPath: m_LocalEulerAnglesHint.x
      value: 0
      objectReference: {fileID: 0}
    - target: {fileID: 2830204587426827293, guid: b76e06e5ec5f24d45ac9c15ac29592d8,
        type: 3}
      propertyPath: m_LocalEulerAnglesHint.y
      value: 0
      objectReference: {fileID: 0}
    - target: {fileID: 2830204587426827293, guid: b76e06e5ec5f24d45ac9c15ac29592d8,
        type: 3}
      propertyPath: m_LocalEulerAnglesHint.z
      value: 0
      objectReference: {fileID: 0}
    m_RemovedComponents: []
  m_SourcePrefab: {fileID: 100100000, guid: b76e06e5ec5f24d45ac9c15ac29592d8, type: 3}
--- !u!4 &1041345561 stripped
Transform:
  m_CorrespondingSourceObject: {fileID: 2830204587426827293, guid: b76e06e5ec5f24d45ac9c15ac29592d8,
    type: 3}
  m_PrefabInstance: {fileID: 1041345560}
  m_PrefabAsset: {fileID: 0}
--- !u!1001 &1070352604
PrefabInstance:
  m_ObjectHideFlags: 0
  serializedVersion: 2
  m_Modification:
    m_TransformParent: {fileID: 2117957999}
    m_Modifications:
    - target: {fileID: -4216859302048453862, guid: ea836762d100a634aac5a686531a6e79,
        type: 3}
      propertyPath: m_LocalPosition.x
      value: 6.77
      objectReference: {fileID: 0}
    - target: {fileID: -4216859302048453862, guid: ea836762d100a634aac5a686531a6e79,
        type: 3}
      propertyPath: m_LocalPosition.y
      value: 6.3400006
      objectReference: {fileID: 0}
    - target: {fileID: -4216859302048453862, guid: ea836762d100a634aac5a686531a6e79,
        type: 3}
      propertyPath: m_LocalPosition.z
      value: 0
      objectReference: {fileID: 0}
    - target: {fileID: -4216859302048453862, guid: ea836762d100a634aac5a686531a6e79,
        type: 3}
      propertyPath: m_LocalRotation.x
      value: 0
      objectReference: {fileID: 0}
    - target: {fileID: -4216859302048453862, guid: ea836762d100a634aac5a686531a6e79,
        type: 3}
      propertyPath: m_LocalRotation.y
      value: 0
      objectReference: {fileID: 0}
    - target: {fileID: -4216859302048453862, guid: ea836762d100a634aac5a686531a6e79,
        type: 3}
      propertyPath: m_LocalRotation.z
      value: 0
      objectReference: {fileID: 0}
    - target: {fileID: -4216859302048453862, guid: ea836762d100a634aac5a686531a6e79,
        type: 3}
      propertyPath: m_LocalRotation.w
      value: 1
      objectReference: {fileID: 0}
    - target: {fileID: -4216859302048453862, guid: ea836762d100a634aac5a686531a6e79,
        type: 3}
      propertyPath: m_RootOrder
      value: 3
      objectReference: {fileID: 0}
    - target: {fileID: -4216859302048453862, guid: ea836762d100a634aac5a686531a6e79,
        type: 3}
      propertyPath: m_LocalEulerAnglesHint.x
      value: 0
      objectReference: {fileID: 0}
    - target: {fileID: -4216859302048453862, guid: ea836762d100a634aac5a686531a6e79,
        type: 3}
      propertyPath: m_LocalEulerAnglesHint.y
      value: 0
      objectReference: {fileID: 0}
    - target: {fileID: -4216859302048453862, guid: ea836762d100a634aac5a686531a6e79,
        type: 3}
      propertyPath: m_LocalEulerAnglesHint.z
      value: 0
      objectReference: {fileID: 0}
    - target: {fileID: -4216859302048453862, guid: ea836762d100a634aac5a686531a6e79,
        type: 3}
      propertyPath: m_LocalScale.x
      value: 1.4275
      objectReference: {fileID: 0}
    - target: {fileID: -1504981713932161579, guid: ea836762d100a634aac5a686531a6e79,
        type: 3}
      propertyPath: m_Materials.Array.data[0]
      value: 
      objectReference: {fileID: 2100000, guid: ad8711fc732122240b4b74269ab1fdcf, type: 2}
    - target: {fileID: -927199367670048503, guid: ea836762d100a634aac5a686531a6e79,
        type: 3}
      propertyPath: m_Name
      value: Platform_2 (1)
      objectReference: {fileID: 0}
    - target: {fileID: -927199367670048503, guid: ea836762d100a634aac5a686531a6e79,
        type: 3}
      propertyPath: m_TagString
      value: Grabbable
      objectReference: {fileID: 0}
    - target: {fileID: -927199367670048503, guid: ea836762d100a634aac5a686531a6e79,
        type: 3}
      propertyPath: m_IsActive
      value: 1
      objectReference: {fileID: 0}
    m_RemovedComponents: []
  m_SourcePrefab: {fileID: 100100000, guid: ea836762d100a634aac5a686531a6e79, type: 3}
--- !u!1 &1203893798
GameObject:
  m_ObjectHideFlags: 0
  m_CorrespondingSourceObject: {fileID: 0}
  m_PrefabInstance: {fileID: 0}
  m_PrefabAsset: {fileID: 0}
  serializedVersion: 6
  m_Component:
  - component: {fileID: 1203893799}
  m_Layer: 0
  m_Name: World Planes
  m_TagString: Untagged
  m_Icon: {fileID: 0}
  m_NavMeshLayer: 0
  m_StaticEditorFlags: 0
  m_IsActive: 1
--- !u!4 &1203893799
Transform:
  m_ObjectHideFlags: 0
  m_CorrespondingSourceObject: {fileID: 0}
  m_PrefabInstance: {fileID: 0}
  m_PrefabAsset: {fileID: 0}
  m_GameObject: {fileID: 1203893798}
  m_LocalRotation: {x: 0, y: 0, z: 0, w: 1}
  m_LocalPosition: {x: 0, y: 0, z: 0}
  m_LocalScale: {x: 1, y: 1, z: 1}
  m_Children:
  - {fileID: 1392227444}
  - {fileID: 79209114}
  m_Father: {fileID: 0}
  m_RootOrder: 2
  m_LocalEulerAnglesHint: {x: 0, y: 0, z: 0}
--- !u!1 &1245956990
GameObject:
  m_ObjectHideFlags: 0
  m_CorrespondingSourceObject: {fileID: 0}
  m_PrefabInstance: {fileID: 0}
  m_PrefabAsset: {fileID: 0}
  serializedVersion: 6
  m_Component:
  - component: {fileID: 1245956991}
  m_Layer: 0
  m_Name: Bouncers
  m_TagString: Untagged
  m_Icon: {fileID: 0}
  m_NavMeshLayer: 0
  m_StaticEditorFlags: 0
  m_IsActive: 1
--- !u!4 &1245956991
Transform:
  m_ObjectHideFlags: 0
  m_CorrespondingSourceObject: {fileID: 0}
  m_PrefabInstance: {fileID: 0}
  m_PrefabAsset: {fileID: 0}
  m_GameObject: {fileID: 1245956990}
  m_LocalRotation: {x: 0, y: 0, z: 0, w: 1}
  m_LocalPosition: {x: 0, y: 0, z: 0}
  m_LocalScale: {x: 1, y: 1, z: 1}
  m_Children:
  - {fileID: 1041345561}
  - {fileID: 1587510794}
  m_Father: {fileID: 0}
  m_RootOrder: 3
  m_LocalEulerAnglesHint: {x: 0, y: 0, z: 0}
--- !u!1 &1392227440
GameObject:
  m_ObjectHideFlags: 0
  m_CorrespondingSourceObject: {fileID: 0}
  m_PrefabInstance: {fileID: 0}
  m_PrefabAsset: {fileID: 0}
  serializedVersion: 6
  m_Component:
  - component: {fileID: 1392227444}
  - component: {fileID: 1392227441}
  m_Layer: 8
  m_Name: Front World Plane
  m_TagString: Untagged
  m_Icon: {fileID: 0}
  m_NavMeshLayer: 0
  m_StaticEditorFlags: 4294967295
  m_IsActive: 1
--- !u!64 &1392227441
MeshCollider:
  m_ObjectHideFlags: 0
  m_CorrespondingSourceObject: {fileID: 0}
  m_PrefabInstance: {fileID: 0}
  m_PrefabAsset: {fileID: 0}
  m_GameObject: {fileID: 1392227440}
  m_Material: {fileID: 0}
  m_IsTrigger: 0
  m_Enabled: 1
  serializedVersion: 3
  m_Convex: 0
  m_CookingOptions: 30
  m_Mesh: {fileID: 10209, guid: 0000000000000000e000000000000000, type: 0}
--- !u!4 &1392227444
Transform:
  m_ObjectHideFlags: 0
  m_CorrespondingSourceObject: {fileID: 0}
  m_PrefabInstance: {fileID: 0}
  m_PrefabAsset: {fileID: 0}
  m_GameObject: {fileID: 1392227440}
  m_LocalRotation: {x: 0.7071068, y: -0, z: -0, w: 0.7071068}
  m_LocalPosition: {x: 0, y: 5, z: -0.3}
  m_LocalScale: {x: 10, y: 1, z: 10}
  m_Children: []
  m_Father: {fileID: 1203893799}
  m_RootOrder: 0
  m_LocalEulerAnglesHint: {x: 90, y: 0, z: 0}
--- !u!1 &1401045839 stripped
GameObject:
  m_CorrespondingSourceObject: {fileID: -927199367670048503, guid: 15f459e44397666468bab999ba2b1920,
    type: 3}
  m_PrefabInstance: {fileID: 1609358820}
  m_PrefabAsset: {fileID: 0}
--- !u!4 &1401045840 stripped
Transform:
  m_CorrespondingSourceObject: {fileID: -4216859302048453862, guid: 15f459e44397666468bab999ba2b1920,
    type: 3}
  m_PrefabInstance: {fileID: 1609358820}
  m_PrefabAsset: {fileID: 0}
--- !u!64 &1401045841
MeshCollider:
  m_ObjectHideFlags: 0
  m_CorrespondingSourceObject: {fileID: 0}
  m_PrefabInstance: {fileID: 0}
  m_PrefabAsset: {fileID: 0}
  m_GameObject: {fileID: 1401045839}
  m_Material: {fileID: 0}
  m_IsTrigger: 0
  m_Enabled: 1
  serializedVersion: 3
  m_Convex: 0
  m_CookingOptions: 30
  m_Mesh: {fileID: 2622436137076886491, guid: 15f459e44397666468bab999ba2b1920, type: 3}
--- !u!1 &1516968338 stripped
GameObject:
  m_CorrespondingSourceObject: {fileID: -927199367670048503, guid: 47209ad2a185a23458f97938ad6c75c1,
    type: 3}
  m_PrefabInstance: {fileID: 461297708}
  m_PrefabAsset: {fileID: 0}
--- !u!65 &1516968339
BoxCollider:
  m_ObjectHideFlags: 0
  m_CorrespondingSourceObject: {fileID: 0}
  m_PrefabInstance: {fileID: 0}
  m_PrefabAsset: {fileID: 0}
  m_GameObject: {fileID: 1516968338}
  m_Material: {fileID: 0}
  m_IsTrigger: 0
  m_Enabled: 1
  serializedVersion: 2
  m_Size: {x: 20.316595, y: 1.8565, z: 4.1517096}
  m_Center: {x: 0, y: 1.0355095, z: 0.6065688}
--- !u!4 &1516968342 stripped
Transform:
  m_CorrespondingSourceObject: {fileID: -4216859302048453862, guid: 47209ad2a185a23458f97938ad6c75c1,
    type: 3}
  m_PrefabInstance: {fileID: 461297708}
  m_PrefabAsset: {fileID: 0}
--- !u!4 &1587510794 stripped
Transform:
  m_CorrespondingSourceObject: {fileID: 2830204587426827293, guid: b76e06e5ec5f24d45ac9c15ac29592d8,
    type: 3}
  m_PrefabInstance: {fileID: 934701567}
  m_PrefabAsset: {fileID: 0}
--- !u!1001 &1609358820
PrefabInstance:
  m_ObjectHideFlags: 0
  serializedVersion: 2
  m_Modification:
    m_TransformParent: {fileID: 2100444481}
    m_Modifications:
    - target: {fileID: -4216859302048453862, guid: 15f459e44397666468bab999ba2b1920,
        type: 3}
      propertyPath: m_LocalPosition.x
      value: 8.77
      objectReference: {fileID: 0}
    - target: {fileID: -4216859302048453862, guid: 15f459e44397666468bab999ba2b1920,
        type: 3}
      propertyPath: m_LocalPosition.y
      value: 10.22
      objectReference: {fileID: 0}
    - target: {fileID: -4216859302048453862, guid: 15f459e44397666468bab999ba2b1920,
        type: 3}
      propertyPath: m_LocalPosition.z
      value: 0
      objectReference: {fileID: 0}
    - target: {fileID: -4216859302048453862, guid: 15f459e44397666468bab999ba2b1920,
        type: 3}
      propertyPath: m_LocalRotation.x
      value: -0
      objectReference: {fileID: 0}
    - target: {fileID: -4216859302048453862, guid: 15f459e44397666468bab999ba2b1920,
        type: 3}
      propertyPath: m_LocalRotation.y
      value: -0
      objectReference: {fileID: 0}
    - target: {fileID: -4216859302048453862, guid: 15f459e44397666468bab999ba2b1920,
        type: 3}
      propertyPath: m_LocalRotation.z
      value: -0
      objectReference: {fileID: 0}
    - target: {fileID: -4216859302048453862, guid: 15f459e44397666468bab999ba2b1920,
        type: 3}
      propertyPath: m_LocalRotation.w
      value: 1
      objectReference: {fileID: 0}
    - target: {fileID: -4216859302048453862, guid: 15f459e44397666468bab999ba2b1920,
        type: 3}
      propertyPath: m_RootOrder
      value: 1
      objectReference: {fileID: 0}
    - target: {fileID: -4216859302048453862, guid: 15f459e44397666468bab999ba2b1920,
        type: 3}
      propertyPath: m_LocalEulerAnglesHint.x
      value: 0
      objectReference: {fileID: 0}
    - target: {fileID: -4216859302048453862, guid: 15f459e44397666468bab999ba2b1920,
        type: 3}
      propertyPath: m_LocalEulerAnglesHint.y
      value: 0
      objectReference: {fileID: 0}
    - target: {fileID: -4216859302048453862, guid: 15f459e44397666468bab999ba2b1920,
        type: 3}
      propertyPath: m_LocalEulerAnglesHint.z
      value: 0
      objectReference: {fileID: 0}
    - target: {fileID: -4216859302048453862, guid: 15f459e44397666468bab999ba2b1920,
        type: 3}
      propertyPath: m_LocalScale.x
      value: 0.5
      objectReference: {fileID: 0}
    - target: {fileID: -4216859302048453862, guid: 15f459e44397666468bab999ba2b1920,
        type: 3}
      propertyPath: m_LocalScale.y
      value: 0.6537253
      objectReference: {fileID: 0}
    - target: {fileID: -4216859302048453862, guid: 15f459e44397666468bab999ba2b1920,
        type: 3}
      propertyPath: m_LocalScale.z
      value: 0.5
      objectReference: {fileID: 0}
    - target: {fileID: -1504981713932161579, guid: 15f459e44397666468bab999ba2b1920,
        type: 3}
      propertyPath: m_Materials.Array.data[0]
      value: 
      objectReference: {fileID: 2100000, guid: 80c313be2e7dd9b4cab4b4d6ad30cc56, type: 2}
    - target: {fileID: -927199367670048503, guid: 15f459e44397666468bab999ba2b1920,
        type: 3}
      propertyPath: m_Name
      value: Right Pillar
      objectReference: {fileID: 0}
    - target: {fileID: -927199367670048503, guid: 15f459e44397666468bab999ba2b1920,
        type: 3}
      propertyPath: m_TagString
      value: Grabbable
      objectReference: {fileID: 0}
    m_RemovedComponents: []
  m_SourcePrefab: {fileID: 100100000, guid: 15f459e44397666468bab999ba2b1920, type: 3}
--- !u!1 &1830928107
GameObject:
  m_ObjectHideFlags: 0
  m_CorrespondingSourceObject: {fileID: 0}
  m_PrefabInstance: {fileID: 0}
  m_PrefabAsset: {fileID: 0}
  serializedVersion: 6
  m_Component:
  - component: {fileID: 1830928108}
  m_Layer: 0
  m_Name: DeathZones
  m_TagString: Untagged
  m_Icon: {fileID: 0}
  m_NavMeshLayer: 0
  m_StaticEditorFlags: 0
  m_IsActive: 1
--- !u!4 &1830928108
Transform:
  m_ObjectHideFlags: 0
  m_CorrespondingSourceObject: {fileID: 0}
  m_PrefabInstance: {fileID: 0}
  m_PrefabAsset: {fileID: 0}
  m_GameObject: {fileID: 1830928107}
  m_LocalRotation: {x: 0, y: 0, z: 0, w: 1}
  m_LocalPosition: {x: 0, y: 0, z: 0}
  m_LocalScale: {x: 1, y: 1, z: 1}
  m_Children:
  - {fileID: 856461353}
  - {fileID: 912357096}
  - {fileID: 912689506}
  - {fileID: 1843713707}
  m_Father: {fileID: 0}
  m_RootOrder: 5
  m_LocalEulerAnglesHint: {x: 0, y: 0, z: 0}
--- !u!1 &1843713704
GameObject:
  m_ObjectHideFlags: 0
  m_CorrespondingSourceObject: {fileID: 0}
  m_PrefabInstance: {fileID: 0}
  m_PrefabAsset: {fileID: 0}
  serializedVersion: 6
  m_Component:
  - component: {fileID: 1843713707}
  - component: {fileID: 1843713706}
  - component: {fileID: 1843713705}
  - component: {fileID: 1843713709}
  - component: {fileID: 1843713708}
  m_Layer: 0
  m_Name: DeathZone_Bottom
  m_TagString: Untagged
  m_Icon: {fileID: 0}
  m_NavMeshLayer: 0
  m_StaticEditorFlags: 0
  m_IsActive: 1
--- !u!114 &1843713705
MonoBehaviour:
  m_ObjectHideFlags: 0
  m_CorrespondingSourceObject: {fileID: 0}
  m_PrefabInstance: {fileID: 0}
  m_PrefabAsset: {fileID: 0}
  m_GameObject: {fileID: 1843713704}
  m_Enabled: 1
  m_EditorHideFlags: 0
  m_Script: {fileID: 11500000, guid: cdb4b06a2833e5d4dbcb174b855b52d8, type: 3}
  m_Name: 
  m_EditorClassIdentifier: 
  OnExplode:
    _PersistentCalls: []
--- !u!65 &1843713706
BoxCollider:
  m_ObjectHideFlags: 0
  m_CorrespondingSourceObject: {fileID: 0}
  m_PrefabInstance: {fileID: 0}
  m_PrefabAsset: {fileID: 0}
  m_GameObject: {fileID: 1843713704}
  m_Material: {fileID: 0}
  m_IsTrigger: 0
  m_Enabled: 1
  serializedVersion: 2
  m_Size: {x: 1, y: 1, z: 1}
  m_Center: {x: 0, y: 0, z: 0}
--- !u!4 &1843713707
Transform:
  m_ObjectHideFlags: 0
  m_CorrespondingSourceObject: {fileID: 0}
  m_PrefabInstance: {fileID: 0}
  m_PrefabAsset: {fileID: 0}
  m_GameObject: {fileID: 1843713704}
  m_LocalRotation: {x: -0, y: -0, z: 0.7071068, w: 0.7071068}
  m_LocalPosition: {x: -0, y: -3.14, z: 0}
  m_LocalScale: {x: 4, y: 63, z: 6}
  m_Children: []
  m_Father: {fileID: 1830928108}
  m_RootOrder: 3
  m_LocalEulerAnglesHint: {x: 0, y: 0, z: 90}
--- !u!23 &1843713708
MeshRenderer:
  m_ObjectHideFlags: 0
  m_CorrespondingSourceObject: {fileID: 0}
  m_PrefabInstance: {fileID: 0}
  m_PrefabAsset: {fileID: 0}
  m_GameObject: {fileID: 1843713704}
  m_Enabled: 1
  m_CastShadows: 1
  m_ReceiveShadows: 1
  m_DynamicOccludee: 1
  m_MotionVectors: 1
  m_LightProbeUsage: 1
  m_ReflectionProbeUsage: 1
  m_RayTracingMode: 2
  m_RenderingLayerMask: 1
  m_RendererPriority: 0
  m_Materials:
  - {fileID: 2100000, guid: a4fa1ec3061685d42831893fe448dec1, type: 2}
  m_StaticBatchInfo:
    firstSubMesh: 0
    subMeshCount: 0
  m_StaticBatchRoot: {fileID: 0}
  m_ProbeAnchor: {fileID: 0}
  m_LightProbeVolumeOverride: {fileID: 0}
  m_ScaleInLightmap: 1
  m_ReceiveGI: 1
  m_PreserveUVs: 0
  m_IgnoreNormalsForChartDetection: 0
  m_ImportantGI: 0
  m_StitchLightmapSeams: 1
  m_SelectedEditorRenderState: 3
  m_MinimumChartSize: 4
  m_AutoUVMaxDistance: 0.5
  m_AutoUVMaxAngle: 89
  m_LightmapParameters: {fileID: 0}
  m_SortingLayerID: 0
  m_SortingLayer: 0
  m_SortingOrder: 0
--- !u!33 &1843713709
MeshFilter:
  m_ObjectHideFlags: 0
  m_CorrespondingSourceObject: {fileID: 0}
  m_PrefabInstance: {fileID: 0}
  m_PrefabAsset: {fileID: 0}
  m_GameObject: {fileID: 1843713704}
  m_Mesh: {fileID: 10202, guid: 0000000000000000e000000000000000, type: 0}
--- !u!1001 &1944300710
PrefabInstance:
  m_ObjectHideFlags: 0
  serializedVersion: 2
  m_Modification:
    m_TransformParent: {fileID: 2117957999}
    m_Modifications:
    - target: {fileID: -4216859302048453862, guid: afe3a9bb17a14aa4cb280a696daee6e2,
        type: 3}
      propertyPath: m_LocalPosition.x
      value: 0
      objectReference: {fileID: 0}
    - target: {fileID: -4216859302048453862, guid: afe3a9bb17a14aa4cb280a696daee6e2,
        type: 3}
      propertyPath: m_LocalPosition.y
      value: 15.169999
      objectReference: {fileID: 0}
    - target: {fileID: -4216859302048453862, guid: afe3a9bb17a14aa4cb280a696daee6e2,
        type: 3}
      propertyPath: m_LocalPosition.z
      value: 0
      objectReference: {fileID: 0}
    - target: {fileID: -4216859302048453862, guid: afe3a9bb17a14aa4cb280a696daee6e2,
        type: 3}
      propertyPath: m_LocalRotation.x
      value: -0
      objectReference: {fileID: 0}
    - target: {fileID: -4216859302048453862, guid: afe3a9bb17a14aa4cb280a696daee6e2,
        type: 3}
      propertyPath: m_LocalRotation.y
      value: -0
      objectReference: {fileID: 0}
    - target: {fileID: -4216859302048453862, guid: afe3a9bb17a14aa4cb280a696daee6e2,
        type: 3}
      propertyPath: m_LocalRotation.z
      value: -0
      objectReference: {fileID: 0}
    - target: {fileID: -4216859302048453862, guid: afe3a9bb17a14aa4cb280a696daee6e2,
        type: 3}
      propertyPath: m_LocalRotation.w
      value: 1
      objectReference: {fileID: 0}
    - target: {fileID: -4216859302048453862, guid: afe3a9bb17a14aa4cb280a696daee6e2,
        type: 3}
      propertyPath: m_RootOrder
      value: 1
      objectReference: {fileID: 0}
    - target: {fileID: -4216859302048453862, guid: afe3a9bb17a14aa4cb280a696daee6e2,
        type: 3}
      propertyPath: m_LocalEulerAnglesHint.x
      value: 0
      objectReference: {fileID: 0}
    - target: {fileID: -4216859302048453862, guid: afe3a9bb17a14aa4cb280a696daee6e2,
        type: 3}
      propertyPath: m_LocalEulerAnglesHint.y
      value: 0
      objectReference: {fileID: 0}
    - target: {fileID: -4216859302048453862, guid: afe3a9bb17a14aa4cb280a696daee6e2,
        type: 3}
      propertyPath: m_LocalEulerAnglesHint.z
      value: 0
      objectReference: {fileID: 0}
    - target: {fileID: -4216859302048453862, guid: afe3a9bb17a14aa4cb280a696daee6e2,
        type: 3}
      propertyPath: m_LocalScale.y
      value: 0.43972
      objectReference: {fileID: 0}
    - target: {fileID: -4216859302048453862, guid: afe3a9bb17a14aa4cb280a696daee6e2,
        type: 3}
      propertyPath: m_LocalScale.x
      value: 0.8120369
      objectReference: {fileID: 0}
    - target: {fileID: -1504981713932161579, guid: afe3a9bb17a14aa4cb280a696daee6e2,
        type: 3}
      propertyPath: m_Materials.Array.data[0]
      value: 
      objectReference: {fileID: 2100000, guid: 946632ca671a7b3499299950e1cf9f51, type: 2}
    - target: {fileID: -927199367670048503, guid: afe3a9bb17a14aa4cb280a696daee6e2,
        type: 3}
      propertyPath: m_Name
      value: Roof
      objectReference: {fileID: 0}
    - target: {fileID: -927199367670048503, guid: afe3a9bb17a14aa4cb280a696daee6e2,
        type: 3}
      propertyPath: m_TagString
      value: Grabbable
      objectReference: {fileID: 0}
    - target: {fileID: -927199367670048503, guid: afe3a9bb17a14aa4cb280a696daee6e2,
        type: 3}
      propertyPath: m_IsActive
      value: 1
      objectReference: {fileID: 0}
    m_RemovedComponents: []
  m_SourcePrefab: {fileID: 100100000, guid: afe3a9bb17a14aa4cb280a696daee6e2, type: 3}
--- !u!1 &2100444480
GameObject:
  m_ObjectHideFlags: 0
  m_CorrespondingSourceObject: {fileID: 0}
  m_PrefabInstance: {fileID: 0}
  m_PrefabAsset: {fileID: 0}
  serializedVersion: 6
  m_Component:
  - component: {fileID: 2100444481}
  m_Layer: 0
  m_Name: Walls
  m_TagString: Untagged
  m_Icon: {fileID: 0}
  m_NavMeshLayer: 0
  m_StaticEditorFlags: 0
  m_IsActive: 1
--- !u!4 &2100444481
Transform:
  m_ObjectHideFlags: 0
  m_CorrespondingSourceObject: {fileID: 0}
  m_PrefabInstance: {fileID: 0}
  m_PrefabAsset: {fileID: 0}
  m_GameObject: {fileID: 2100444480}
  m_LocalRotation: {x: -0, y: -0, z: -0, w: 1}
  m_LocalPosition: {x: 0, y: 0, z: 0}
  m_LocalScale: {x: 1, y: 1, z: 1}
  m_Children:
  - {fileID: 41879433}
  - {fileID: 1401045840}
  m_Father: {fileID: 2117957999}
  m_RootOrder: 2
  m_LocalEulerAnglesHint: {x: 0, y: 0, z: 0}
--- !u!1 &2117957998
GameObject:
  m_ObjectHideFlags: 0
  m_CorrespondingSourceObject: {fileID: 0}
  m_PrefabInstance: {fileID: 0}
  m_PrefabAsset: {fileID: 0}
  serializedVersion: 6
  m_Component:
  - component: {fileID: 2117957999}
  m_Layer: 0
  m_Name: Environment
  m_TagString: Untagged
  m_Icon: {fileID: 0}
  m_NavMeshLayer: 0
  m_StaticEditorFlags: 0
  m_IsActive: 1
--- !u!4 &2117957999
Transform:
  m_ObjectHideFlags: 0
  m_CorrespondingSourceObject: {fileID: 0}
  m_PrefabInstance: {fileID: 0}
  m_PrefabAsset: {fileID: 0}
  m_GameObject: {fileID: 2117957998}
  m_LocalRotation: {x: 0, y: 0, z: 0, w: 1}
  m_LocalPosition: {x: 0, y: 0, z: 0}
  m_LocalScale: {x: 1, y: 1, z: 1}
  m_Children:
  - {fileID: 1516968342}
  - {fileID: 664540290}
  - {fileID: 2100444481}
  - {fileID: 114750864}
  - {fileID: 738285768}
  - {fileID: 142133396}
  m_Father: {fileID: 0}
  m_RootOrder: 6
  m_LocalEulerAnglesHint: {x: 0, y: 0, z: 0}
--- !u!1001 &934418015873003860
PrefabInstance:
  m_ObjectHideFlags: 0
  serializedVersion: 2
  m_Modification:
    m_TransformParent: {fileID: 128499793}
    m_Modifications:
    - target: {fileID: 934418016699511586, guid: a56584affd2be414b8bb8ccca967222f,
        type: 3}
      propertyPath: m_Name
      value: Music Manager
      objectReference: {fileID: 0}
    - target: {fileID: 934418016699511596, guid: a56584affd2be414b8bb8ccca967222f,
        type: 3}
      propertyPath: m_LocalPosition.x
      value: 0
      objectReference: {fileID: 0}
    - target: {fileID: 934418016699511596, guid: a56584affd2be414b8bb8ccca967222f,
        type: 3}
      propertyPath: m_LocalPosition.y
      value: 0
      objectReference: {fileID: 0}
    - target: {fileID: 934418016699511596, guid: a56584affd2be414b8bb8ccca967222f,
        type: 3}
      propertyPath: m_LocalPosition.z
      value: 0
      objectReference: {fileID: 0}
    - target: {fileID: 934418016699511596, guid: a56584affd2be414b8bb8ccca967222f,
        type: 3}
      propertyPath: m_LocalRotation.x
      value: 0
      objectReference: {fileID: 0}
    - target: {fileID: 934418016699511596, guid: a56584affd2be414b8bb8ccca967222f,
        type: 3}
      propertyPath: m_LocalRotation.y
      value: 0
      objectReference: {fileID: 0}
    - target: {fileID: 934418016699511596, guid: a56584affd2be414b8bb8ccca967222f,
        type: 3}
      propertyPath: m_LocalRotation.z
      value: 0
      objectReference: {fileID: 0}
    - target: {fileID: 934418016699511596, guid: a56584affd2be414b8bb8ccca967222f,
        type: 3}
      propertyPath: m_LocalRotation.w
      value: 1
      objectReference: {fileID: 0}
    - target: {fileID: 934418016699511596, guid: a56584affd2be414b8bb8ccca967222f,
        type: 3}
      propertyPath: m_RootOrder
      value: 0
      objectReference: {fileID: 0}
    - target: {fileID: 934418016699511596, guid: a56584affd2be414b8bb8ccca967222f,
        type: 3}
      propertyPath: m_LocalEulerAnglesHint.x
      value: 0
      objectReference: {fileID: 0}
    - target: {fileID: 934418016699511596, guid: a56584affd2be414b8bb8ccca967222f,
        type: 3}
      propertyPath: m_LocalEulerAnglesHint.y
      value: 0
      objectReference: {fileID: 0}
    - target: {fileID: 934418016699511596, guid: a56584affd2be414b8bb8ccca967222f,
        type: 3}
      propertyPath: m_LocalEulerAnglesHint.z
      value: 0
      objectReference: {fileID: 0}
    m_RemovedComponents: []
  m_SourcePrefab: {fileID: 100100000, guid: a56584affd2be414b8bb8ccca967222f, type: 3}
--- !u!1001 &2540692993487072394
PrefabInstance:
  m_ObjectHideFlags: 0
  serializedVersion: 2
  m_Modification:
    m_TransformParent: {fileID: 0}
    m_Modifications:
    - target: {fileID: 5792675612439373193, guid: c077ba1bf44721d4199e039c0ef28c47,
        type: 3}
      propertyPath: m_Name
      value: Paralax
      objectReference: {fileID: 0}
    - target: {fileID: 5792675612439373193, guid: c077ba1bf44721d4199e039c0ef28c47,
        type: 3}
      propertyPath: m_IsActive
      value: 1
      objectReference: {fileID: 0}
    - target: {fileID: 7365899010647955354, guid: c077ba1bf44721d4199e039c0ef28c47,
        type: 3}
      propertyPath: m_LocalPosition.x
      value: 0
      objectReference: {fileID: 0}
    - target: {fileID: 7365899010647955354, guid: c077ba1bf44721d4199e039c0ef28c47,
        type: 3}
      propertyPath: m_LocalPosition.y
      value: 12.5
      objectReference: {fileID: 0}
    - target: {fileID: 7365899010647955354, guid: c077ba1bf44721d4199e039c0ef28c47,
        type: 3}
      propertyPath: m_LocalPosition.z
      value: 40
      objectReference: {fileID: 0}
    - target: {fileID: 7365899010647955354, guid: c077ba1bf44721d4199e039c0ef28c47,
        type: 3}
      propertyPath: m_LocalRotation.x
      value: 0
      objectReference: {fileID: 0}
    - target: {fileID: 7365899010647955354, guid: c077ba1bf44721d4199e039c0ef28c47,
        type: 3}
      propertyPath: m_LocalRotation.y
      value: 0
      objectReference: {fileID: 0}
    - target: {fileID: 7365899010647955354, guid: c077ba1bf44721d4199e039c0ef28c47,
        type: 3}
      propertyPath: m_LocalRotation.z
      value: 0
      objectReference: {fileID: 0}
    - target: {fileID: 7365899010647955354, guid: c077ba1bf44721d4199e039c0ef28c47,
        type: 3}
      propertyPath: m_LocalRotation.w
      value: 1
      objectReference: {fileID: 0}
    - target: {fileID: 7365899010647955354, guid: c077ba1bf44721d4199e039c0ef28c47,
        type: 3}
      propertyPath: m_RootOrder
      value: 1
      objectReference: {fileID: 0}
    - target: {fileID: 7365899010647955354, guid: c077ba1bf44721d4199e039c0ef28c47,
        type: 3}
      propertyPath: m_LocalEulerAnglesHint.x
      value: 0
      objectReference: {fileID: 0}
    - target: {fileID: 7365899010647955354, guid: c077ba1bf44721d4199e039c0ef28c47,
        type: 3}
      propertyPath: m_LocalEulerAnglesHint.y
      value: 0
      objectReference: {fileID: 0}
    - target: {fileID: 7365899010647955354, guid: c077ba1bf44721d4199e039c0ef28c47,
        type: 3}
      propertyPath: m_LocalEulerAnglesHint.z
      value: 0
      objectReference: {fileID: 0}
    m_RemovedComponents: []
  m_SourcePrefab: {fileID: 100100000, guid: c077ba1bf44721d4199e039c0ef28c47, type: 3}
--- !u!1001 &7625564658537318221
PrefabInstance:
  m_ObjectHideFlags: 0
  serializedVersion: 2
  m_Modification:
    m_TransformParent: {fileID: 128499793}
    m_Modifications:
    - target: {fileID: 2134271371024336806, guid: c034f139a06627c41a7b9b1af0cc5785,
        type: 3}
      propertyPath: m_Name
      value: Global Slow Down Manager
      objectReference: {fileID: 0}
    - target: {fileID: 2575726814485075823, guid: c034f139a06627c41a7b9b1af0cc5785,
        type: 3}
      propertyPath: m_LocalPosition.x
      value: 0
      objectReference: {fileID: 0}
    - target: {fileID: 2575726814485075823, guid: c034f139a06627c41a7b9b1af0cc5785,
        type: 3}
      propertyPath: m_LocalPosition.y
      value: 0
      objectReference: {fileID: 0}
    - target: {fileID: 2575726814485075823, guid: c034f139a06627c41a7b9b1af0cc5785,
        type: 3}
      propertyPath: m_LocalPosition.z
      value: 0
      objectReference: {fileID: 0}
    - target: {fileID: 2575726814485075823, guid: c034f139a06627c41a7b9b1af0cc5785,
        type: 3}
      propertyPath: m_LocalRotation.x
      value: 0
      objectReference: {fileID: 0}
    - target: {fileID: 2575726814485075823, guid: c034f139a06627c41a7b9b1af0cc5785,
        type: 3}
      propertyPath: m_LocalRotation.y
      value: 0
      objectReference: {fileID: 0}
    - target: {fileID: 2575726814485075823, guid: c034f139a06627c41a7b9b1af0cc5785,
        type: 3}
      propertyPath: m_LocalRotation.z
      value: 0
      objectReference: {fileID: 0}
    - target: {fileID: 2575726814485075823, guid: c034f139a06627c41a7b9b1af0cc5785,
        type: 3}
      propertyPath: m_LocalRotation.w
      value: 1
      objectReference: {fileID: 0}
    - target: {fileID: 2575726814485075823, guid: c034f139a06627c41a7b9b1af0cc5785,
        type: 3}
      propertyPath: m_RootOrder
      value: 2
      objectReference: {fileID: 0}
    - target: {fileID: 2575726814485075823, guid: c034f139a06627c41a7b9b1af0cc5785,
        type: 3}
      propertyPath: m_LocalEulerAnglesHint.x
      value: 0
      objectReference: {fileID: 0}
    - target: {fileID: 2575726814485075823, guid: c034f139a06627c41a7b9b1af0cc5785,
        type: 3}
      propertyPath: m_LocalEulerAnglesHint.y
      value: 0
      objectReference: {fileID: 0}
    - target: {fileID: 2575726814485075823, guid: c034f139a06627c41a7b9b1af0cc5785,
        type: 3}
      propertyPath: m_LocalEulerAnglesHint.z
      value: 0
      objectReference: {fileID: 0}
    - target: {fileID: 8755159754739328969, guid: c034f139a06627c41a7b9b1af0cc5785,
        type: 3}
      propertyPath: slowDown
      value: 0.25
      objectReference: {fileID: 0}
    m_RemovedComponents: []
  m_SourcePrefab: {fileID: 100100000, guid: c034f139a06627c41a7b9b1af0cc5785, type: 3}
--- !u!4 &7625564658537318222 stripped
Transform:
  m_CorrespondingSourceObject: {fileID: 2575726814485075823, guid: c034f139a06627c41a7b9b1af0cc5785,
    type: 3}
  m_PrefabInstance: {fileID: 7625564658537318221}
  m_PrefabAsset: {fileID: 0}
--- !u!1001 &7730417941544124103
PrefabInstance:
  m_ObjectHideFlags: 0
  serializedVersion: 2
  m_Modification:
    m_TransformParent: {fileID: 0}
    m_Modifications:
    - target: {fileID: 7189201327990010508, guid: 9f9c42664ae72694eae9eb9df14d6650,
        type: 3}
      propertyPath: movementBounds.m_Extent.x
      value: 10
      objectReference: {fileID: 0}
    - target: {fileID: 7189201327990010508, guid: 9f9c42664ae72694eae9eb9df14d6650,
        type: 3}
      propertyPath: movementBounds.m_Extent.y
      value: 10
      objectReference: {fileID: 0}
    - target: {fileID: 7189201327990010508, guid: 9f9c42664ae72694eae9eb9df14d6650,
        type: 3}
      propertyPath: minZoom
      value: 70
      objectReference: {fileID: 0}
    - target: {fileID: 7730417942204126131, guid: 9f9c42664ae72694eae9eb9df14d6650,
        type: 3}
      propertyPath: m_LocalPosition.x
      value: 0
      objectReference: {fileID: 0}
    - target: {fileID: 7730417942204126131, guid: 9f9c42664ae72694eae9eb9df14d6650,
        type: 3}
      propertyPath: m_LocalPosition.y
      value: 12
      objectReference: {fileID: 0}
    - target: {fileID: 7730417942204126131, guid: 9f9c42664ae72694eae9eb9df14d6650,
        type: 3}
      propertyPath: m_LocalPosition.z
      value: -15.09
      objectReference: {fileID: 0}
    - target: {fileID: 7730417942204126131, guid: 9f9c42664ae72694eae9eb9df14d6650,
        type: 3}
      propertyPath: m_LocalRotation.x
      value: 0.04797812
      objectReference: {fileID: 0}
    - target: {fileID: 7730417942204126131, guid: 9f9c42664ae72694eae9eb9df14d6650,
        type: 3}
      propertyPath: m_LocalRotation.y
      value: 0
      objectReference: {fileID: 0}
    - target: {fileID: 7730417942204126131, guid: 9f9c42664ae72694eae9eb9df14d6650,
        type: 3}
      propertyPath: m_LocalRotation.z
      value: 0
      objectReference: {fileID: 0}
    - target: {fileID: 7730417942204126131, guid: 9f9c42664ae72694eae9eb9df14d6650,
        type: 3}
      propertyPath: m_LocalRotation.w
      value: 0.99884844
      objectReference: {fileID: 0}
    - target: {fileID: 7730417942204126131, guid: 9f9c42664ae72694eae9eb9df14d6650,
        type: 3}
      propertyPath: m_RootOrder
      value: 0
      objectReference: {fileID: 0}
    - target: {fileID: 7730417942204126131, guid: 9f9c42664ae72694eae9eb9df14d6650,
        type: 3}
      propertyPath: m_LocalEulerAnglesHint.x
      value: 5.5
      objectReference: {fileID: 0}
    - target: {fileID: 7730417942204126131, guid: 9f9c42664ae72694eae9eb9df14d6650,
        type: 3}
      propertyPath: m_LocalEulerAnglesHint.y
      value: 0
      objectReference: {fileID: 0}
    - target: {fileID: 7730417942204126131, guid: 9f9c42664ae72694eae9eb9df14d6650,
        type: 3}
      propertyPath: m_LocalEulerAnglesHint.z
      value: 0
      objectReference: {fileID: 0}
    - target: {fileID: 7730417942204126134, guid: 9f9c42664ae72694eae9eb9df14d6650,
        type: 3}
      propertyPath: m_Name
      value: Main Camera
      objectReference: {fileID: 0}
    m_RemovedComponents: []
  m_SourcePrefab: {fileID: 100100000, guid: 9f9c42664ae72694eae9eb9df14d6650, type: 3}
